@misc{refaquino,
		author = {Federico Toledo},
		title = {Análisis de Codigo con SonarQube},
		year = {2015},
		howpublished = {Recuperado de  {https://www.federico-toledo.com/analisis-de-codigo-con-sonarqube/}},
		note = {Accedido 20-06-2020}
	}

﻿@misc{refaquino1,
		author = {Antonio Calero},
		title = {Definición de metricas},
		year = {2015},
		howpublished = {Recuperado de  {https://sonarqubehispano.org/pages/viewpage.action?pageId=4980840}},
		note = {Accedido 20-06-2020}
	}

﻿@misc{refaquino2,
		author = {UML},
		title = {EL LENGUAJE UNIFICADO DE MODELADO (UML)},
		year = {2015},
		howpublished = {Recuperado de  {http://profesores.fi-b.unam.mx/carlos/aydoo/uml.html}},
		note = {Accedido 20-06-2020}
	}
﻿@misc{refaquino3,
		author = {Jimenez Maquilón, P. B,  Solís Penaherrera, F. K. },
		title = {Propuesta tecnológica de un sistema de facturación de una microempresa de compra y venta de artículos de ferretería con enfoque electrónico (Bachelor's thesis, Universidad de Guayaquil Facultad de Ciencias Administrativas).},
		year = {2017},
		howpublished = {Recuperado de  {http://repositorio.ug.edu.ec/handle/redug/23014},
		note = {Accedido 20-06-2020}
	}
